<?xml version="1.0" encoding="UTF-8"?><collection xmlns="http://www.loc.gov/MARC21/slim"><record><leader>00601nam--2200181-i-4500</leader><controlfield tag="001">000035503</controlfield><controlfield tag="002">20161230</controlfield><controlfield tag="005">20161230201040</controlfield><controlfield tag="008">060222s1000------------r-----000-0-fre-d</controlfield><datafield ind1=" " ind2=" " tag="040"><subfield code="a">IFIN-HH</subfield></datafield><datafield ind1=" " ind2=" " tag="041"><subfield code="a">fre</subfield></datafield><datafield ind1=" " ind2=" " tag="080"><subfield code="a">621.37.029.6:535.33(043)</subfield></datafield><datafield ind1="1" ind2=" " tag="100"><subfield code="a">Nasrallah, Charif</subfield></datafield><datafield ind1="1" ind2="0" tag="245"><subfield code="a">Analyse par le methode spectrale des lignes metalliques planaires pour ondes millimetriques. application a la fine-line</subfield><subfield code="b">These</subfield><subfield code="c">Charif nasrallah</subfield></datafield><datafield ind1=" " ind2=" " tag="260"><subfield code="a">Grenoble</subfield><subfield code="b">Institut National Polytechnique De Grenoble</subfield><subfield code="c">1981</subfield></datafield><datafield ind1=" " ind2=" " tag="300"><subfield code="a">VIII + 121P</subfield></datafield><datafield ind1=" " ind2=" " tag="852"><subfield code="a">71147</subfield><subfield code="c">535.33</subfield></datafield><datafield ind1=" " ind2=" " tag="CAT"><subfield code="a">Sys</subfield><subfield code="c">20101216</subfield><subfield code="h">160422</subfield></datafield></record></collection>